@Manual{talia,
    title = {R: A Language and Environment for Statistical Computing},
    author = {{R Core Team}},
    organization = {R Foundation for Statistical Computing},
    address = {Vienna, Austria},
    year = {2023},
    url = {https://www.R-project.org/},
  }

  
@BOOK{ggplot2, 
  title     = "Ggplot2: Elegant graphics for data analysis",
  author    = "Wickham, Hadley",
  publisher = "Springer International Publishing",
  series    = "Use R!",
  edition   =  2,
  month     =  jun,
  year      =  2016,
  address   = "Cham, Switzerland",
  language  = "en",
  isbn      = "9783319242774"
}

@misc{davis2023steam,
  author       = {Nik Davis},
  title        = {Steam Store Games (Clean dataset)},
  year         = {2023},
  url          = {https://www.kaggle.com/datasets/nikdavis/steam-store-games/data},
  note         = {Accessed: October 3, 2024}
}

@Manual{httr,
  title = {httr: Tools for Working with URLs and HTTP},
  author = {Hadley Wickham},
  year = {2023},
  note = {R package version 1.4.7},
  url = {https://CRAN.R-project.org/package=httr},
}

@Manual{readr,
  title = {readr: Read Rectangular Text Data},
  author = {Hadley Wickham and Jim Hester and Jennifer Bryan},
  year = {2024},
  note = {R package version 2.1.5},
  url = {https://CRAN.R-project.org/package=readr},
}

@Article{jsonlite,
  title = {The jsonlite Package: A Practical and Consistent Mapping Between JSON Data and R Objects},
  author = {Jeroen Ooms},
  journal = {arXiv:1403.2805 [stat.CO]},
  year = {2014},
  url = {https://arxiv.org/abs/1403.2805},
}

@Article{lubridate,
  title = {Dates and Times Made Easy with {lubridate}},
  author = {Garrett Grolemund and Hadley Wickham},
  journal = {Journal of Statistical Software},
  year = {2011},
  volume = {40},
  number = {3},
  pages = {1--25},
  url = {https://www.jstatsoft.org/v40/i03/},
}

@Manual{dplyr,
  title = {dplyr: A Grammar of Data Manipulation},
  author = {Hadley Wickham and Romain François and Lionel Henry and Kirill Müller and Davis Vaughan},
  year = {2023},
  note = {R package version 1.1.4},
  url = {https://CRAN.R-project.org/package=dplyr},
}

@Manual{tibble,
  title = {tibble: Simple Data Frames},
  author = {Kirill Müller and Hadley Wickham},
  year = {2023},
  note = {R package version 3.2.1},
  url = {https://CRAN.R-project.org/package=tibble},
}
    
@Manual{knitr,
  title = {knitr: A General-Purpose Package for Dynamic Report Generation in R},
  author = {Yihui Xie},
  year = {2023},
  note = {R package version 1.42},
  url = {https://CRAN.R-project.org/package=knitr},
}

@Manual{kablee,
  title = {kableExtra: Construct Complex Table with 'kable' and Pipe Syntax},
  author = {Hao Zhu},
  year = {2024},
  note = {R package version 1.4.0},
  url = {https://CRAN.R-project.org/package=kableExtra},
}

@article{paper1,
  author       = {Vinzenz Brodschneider and Johanna Pirker},
  title        = {On the Influence of Reviews on Play Activity on Steam - A Statistical Approach},
  journal      = {ResearchGate},
  year         = {2023},
  url          = {https://www.researchgate.net/publication/376227235_On_the_Influence_of_Reviews_on_Play_Activity_on_Steam_-_A_Statistical_Approach},
  note         = {Accessed: October 3, 2024}
}

@article{paper2,
  author       = {Andraž De Luisa and Jan Hartman and David Nabergoj and Samo Pahor},
  title        = {Predicting the Popularity of Games on Steam},
  journal      = {ResearchGate},
  year         = {2021},
  url          = {https://www.researchgate.net/publication/355110719_Predicting_the_Popularity_of_Games_on_Steam},
  note         = {Accessed: October 3, 2024}
}

@incollection{paper3,
  author       = {Dayi Lin and Cor-Paul Bezemer and Ahmed E. Hassan and Ying Zou},
  title        = {An empirical study of game reviews on the Steam platform},
  booktitle    = {Empir Software Eng},
  year         = {2019},
  pages        = {24},
  url          = {https://doi-org.myaccess.library.utoronto.ca/10.1007/s10664-018-9627-4},
  note         = {Accessed: October 3, 2024}
}
